\href{https://github.com/Nicholas42/AlgebraFranke/tree/master/AlgebraI}{\emph{Algebra I by Jens Franke}} \cite{alg1}@online{alg1,
    author =       "Nicholas Schwab; Ferdinand Wagner",
    title =        "{Algebra I by Jens Franke (lecture notes)}",
    eprinttype  = {GitHub},
    eprint      = {https://github.com/Nicholas42/AlgebraFranke/tree/master/AlgebraI}
}

@online{alg2,
    author =       "Nicholas Schwab; Ferdinand Wagner",
    title =        "{Algebra II by Jens Franke (lecture notes)}",
    eprinttype  = {GitHub},
    eprint      = {https://github.com/Nicholas42/AlgebraFranke/tree/master/AlgebraII}
}

@online{alggeo1,
    author =       "Nicholas Schwab; Ferdinand Wagner",
    title =        "{Algebraic Geometry I by Jens Franke (lecture notes)}",
    eprinttype  = {GitHub},
    eprint      = {https://github.com/Nicholas42/AlgebraFranke/tree/master/AlgGeoI}
}

@online{alggeo2,
	author =       "Ferdinand Wagner",
	title =        "{Algebraic Geometry II by Jens Franke (lecture notes)}",
	eprinttype  = {GitHub},
	eprint      = {https://github.com/Nicholas42/AlgebraFranke/tree/master/AlgGeoII}
}

@book{nagata,
	title={Lectures on The Fourteenth Problem of Hilbert},
	author={Nagata, M.},
	url={http://www.math.tifr.res.in/~publ/ln/tifr31.pdf},
	year={1965},
	publisher={Tata Institute of Fundamental Research, Bombay}
}

@book{matsumuraCRT,
	title={Commutative Ring Theory},
	author={Matsumura, H. and Reid, M.},
	isbn={978-0-521-36764-6},
	lccn={86011691},
	series={Cambridge Studies in Advanced Mathematics},
	url={http://www.math.unam.mx/javier/Matsumura.pdf},
	year={1989},
	publisher={Cambridge University Press}
}

@book{kunzKahler,
	title={KÃ¤hler Differentials},
	author={Kunz, E.},
	isbn={978-3-528-08973-3},
	series={Advanced Lectures in Mathematics},
	url={http://www.uni-regensburg.de/Fakultaeten/nat_Fak_I/kunz/kaehler/paragraph1.pdf},
	year={1986},
	publisher={Vieweg+Teubner Verlag}
}

@book{eisenbudCommAlg,
  title={Commutative Algebra: With a View Toward Algebraic Geometry},
  author={Eisenbud, D.},
  isbn={978-0-387-94269-8},
  lccn={lc94017351},
  series={Graduate Texts in Mathematics},
  url={http://xavirivas.com/cloud/Commutative%20Algebra/Eisenbud%20-%20Commutative%20algebra,%20with%20a%20view%20toward%20algebraic%20geometry%20(Springer,%20GTM150)(T)(778s).pdf},
  year={1995},
  publisher={Springer}
}

@misc{stacks-project,
  shorthand    = {Stacks},
  author       = {The {Stacks Project Authors}},
  title        = {The Stacks Project}},
  url		   = {http://stacks.math.columbia.edu},
  year         = {2017},
}

@book{atiyahMacdonald,
	title={Introduction To Commutative Algebra},
	author={Atiyah, M.F. and MacDonald, I.G.},
	isbn={9780813345444},
	series={Addison-Wesley series in mathematics},
	year={1994},
	publisher={Avalon Publishing}
}
